<?xml version="1.0" encoding="UTF-8"?><collection xmlns="http://www.loc.gov/MARC21/slim"><record><leader>00379nam--2200133-i-4500</leader><controlfield tag="001">000018786</controlfield><controlfield tag="002">20161230</controlfield><controlfield tag="005">20161230201032</controlfield><controlfield tag="008">060222s1000------------r-----000-0-eng-d</controlfield><datafield ind1=" " ind2=" " tag="100"><subfield code="a">Gordon, A.H. And Eastoe, J.E</subfield></datafield><datafield ind1=" " ind2=" " tag="245"><subfield code="a">Practical chromatographic techniques</subfield></datafield><datafield ind1=" " ind2=" " tag="260"><subfield code="a">London, George Newnes Ltd., 1964. Viii + 200 P</subfield></datafield><datafield ind1=" " ind2=" " tag="490"><subfield code="a">Newnes Practical Science Books</subfield></datafield><datafield ind1=" " ind2=" " tag="852"><subfield code="a">21910</subfield></datafield></record></collection>